<record><leader>00000cas a22000007a 4500</leader><controlfield tag="001">24558070</controlfield><controlfield tag="008">911014d19661969nhuwr ne      0    0eng d</controlfield><datafield ind1=" " ind2=" " tag="010"><subfield code="a">sn 90062011 </subfield></datafield><datafield ind1=" " ind2=" " tag="040"><subfield code="a">NVH</subfield><subfield code="b">eng</subfield><subfield code="c">NVH</subfield><subfield code="d">NVN</subfield><subfield code="d">OCLCQ</subfield><subfield code="d">OCLCF</subfield><subfield code="d">OCLCO</subfield></datafield><datafield ind1="1" ind2=" " tag="029"><subfield code="a">AU@</subfield><subfield code="b">000025857658</subfield></datafield><datafield ind1=" " ind2=" " tag="042"><subfield code="a">msc</subfield></datafield><datafield ind1=" " ind2=" " tag="043"><subfield code="a">n-us-nh</subfield></datafield><datafield ind1="0" ind2="4" tag="245"><subfield code="a">The River news and twin state news-times.</subfield></datafield><datafield ind1="1" ind2="3" tag="246"><subfield code="a">Woodsville, N.H. river news and twin state news-times</subfield></datafield><datafield ind1="1" ind2="3" tag="246"><subfield code="a">River shopper</subfield></datafield><datafield ind1="1" ind2="7" tag="246"><subfield code="a">River news</subfield><subfield code="f">June 1, 1967-Feb. 27, 1969</subfield></datafield><datafield ind1=" " ind2=" " tag="260"><subfield code="a">Woodsville, N.H. :</subfield><subfield code="b">Twin State Pub.,</subfield><subfield code="c">1966-1969.</subfield></datafield><datafield ind1=" " ind2=" " tag="300"><subfield code="a">v.</subfield></datafield><datafield ind1=" " ind2=" " tag="310"><subfield code="a">Weekly</subfield></datafield><datafield ind1="0" ind2=" " tag="362"><subfield code="a">Vol. 87, no. 38 (Sept. 29, 1966)-v. 88, no. 35 (Dec. 7, 1967) ; v. 65, no. 49 (Dec. 14, 1967)-v. 62, no. 9 (Mar. 6, 1969).</subfield></datafield><datafield ind1=" " ind2=" " tag="500"><subfield code="a">Titles alternate between: The Woodsville, N.H. river news and twin state news-times, and: The River shopper, Sept. 12-Nov. 20, 1968.</subfield></datafield><datafield ind1=" " ind2=" " tag="515"><subfield code="a">Volume numbering irregular.</subfield></datafield><datafield ind1=" " ind2="0" tag="651"><subfield code="a">Grafton County (N.H.)</subfield><subfield code="v">Newspapers.</subfield></datafield><datafield ind1=" " ind2="4" tag="651"><subfield code="a">Woodsville (N.H.)</subfield><subfield code="v">Newspapers.</subfield></datafield><datafield ind1=" " ind2="7" tag="655"><subfield code="a">Newspapers.</subfield><subfield code="2">fast</subfield><subfield code="0">(OCoLC)fst01423814</subfield></datafield><datafield ind1=" " ind2="7" tag="651"><subfield code="a">New Hampshire</subfield><subfield code="z">Grafton County.</subfield><subfield code="2">fast</subfield><subfield code="0">(OCoLC)fst01215299</subfield></datafield><datafield ind1=" " ind2=" " tag="752"><subfield code="a">United States</subfield><subfield code="b">New Hampshire</subfield><subfield code="c">Grafton</subfield><subfield code="d">Woodsville.</subfield></datafield><datafield ind1="0" ind2="0" tag="780"><subfield code="t">Twin state news-times and the river news</subfield><subfield code="w">(DLC)sn 90062006</subfield><subfield code="w">(OCoLC)21493794</subfield></datafield><datafield ind1="0" ind2="0" tag="785"><subfield code="t">North country journal (Woodsville, N.H.)</subfield><subfield code="w">(DLC)sn 91063291</subfield><subfield code="w">(OCoLC)24558077</subfield></datafield></record>